@misc{gitHowTo,
author = {GitHub},
title = {{GitHowTo}},
url = {https://githowto.com},
urldate = {09/06/2017}
}

@misc{wiki1,
author = {{Wikipedia, the free encyclopedia}},
title = {{Chomsky Hierarchy}},
url = {https://en.wikipedia.org/wiki/Chomsky_hierarchy},
urldate = {09/22/2017}
}

@book{master,
author = {Jeffrey E.F. Friedl},
title = {Mastering Regular Expressions},
publisher = {O'Reilly Media},
year = {2009},
edition = {3}
}
